[gd_scene load_steps=14 format=2]

[ext_resource path="res://player.tscn" type="PackedScene" id=1]
[ext_resource path="res://untitled.dae" type="PackedScene" id=2]

[sub_resource type="SphereMesh" id=1]

[sub_resource type="SpatialMaterial" id=2]
albedo_color = Color( 1, 0.960784, 0, 1 )

[sub_resource type="SphereShape" id=3]

[sub_resource type="CubeMesh" id=4]

[sub_resource type="SpatialMaterial" id=5]
albedo_color = Color( 1, 0, 0, 1 )

[sub_resource type="BoxShape" id=6]

[sub_resource type="SpatialMaterial" id=7]
albedo_color = Color( 0, 1, 0, 1 )

[sub_resource type="SpatialMaterial" id=8]
albedo_color = Color( 1, 0, 0, 1 )

[sub_resource type="SpatialMaterial" id=9]
albedo_color = Color( 0, 1, 0, 1 )

[sub_resource type="CubeMesh" id=10]

[sub_resource type="BoxShape" id=11]

[node name="TestMap" type="Spatial"]

[node name="Player" parent="." instance=ExtResource( 1 )]
transform = Transform( 1, 0, 0, 0, 1, 0, 0, 0, 1, 21, 6, 3 )

[node name="StaticBody4" type="StaticBody" parent="."]
transform = Transform( 10, 0, 0, 0, 10, 0, 0, 0, 10, 0, -2, -21 )

[node name="MeshInstance" type="MeshInstance" parent="StaticBody4"]
mesh = SubResource( 1 )
material/0 = SubResource( 2 )

[node name="CollisionShape" type="CollisionShape" parent="StaticBody4"]
shape = SubResource( 3 )

[node name="StaticBody6" type="StaticBody" parent="."]
transform = Transform( 1, 0, 0, 0, 1, 0, 0, 0, 1, 0, 1, 37 )

[node name="MeshInstance" type="MeshInstance" parent="StaticBody6"]
mesh = SubResource( 4 )
material/0 = SubResource( 5 )

[node name="CollisionShape" type="CollisionShape" parent="StaticBody6"]
shape = SubResource( 6 )

[node name="StaticBody15" type="StaticBody" parent="."]
transform = Transform( 1, 0, 0, 0, 0.866025, -5, 0, 0.5, 8.66025, 0, 1, 4 )

[node name="MeshInstance" type="MeshInstance" parent="StaticBody15"]
transform = Transform( 1, 0, 0, 0, 1, -4.76837e-007, 0, 0, 1, 0, 0, 0 )
mesh = SubResource( 4 )
material/0 = SubResource( 5 )

[node name="CollisionShape" type="CollisionShape" parent="StaticBody15"]
shape = SubResource( 6 )

[node name="StaticBody11" type="StaticBody" parent="."]
transform = Transform( 1, 0, 0, 0, 31.255, 0, 0, 0, 1, 0, 31, 14 )

[node name="MeshInstance" type="MeshInstance" parent="StaticBody11"]
mesh = SubResource( 4 )
material/0 = null

[node name="CollisionShape" type="CollisionShape" parent="StaticBody11"]
shape = SubResource( 6 )

[node name="StaticBody12" type="StaticBody" parent="."]
transform = Transform( 1, 0, 0, 0, 31.255, 0, 0, 0, 1, -2, 31, 14 )

[node name="MeshInstance" type="MeshInstance" parent="StaticBody12"]
mesh = SubResource( 4 )
material/0 = null

[node name="CollisionShape" type="CollisionShape" parent="StaticBody12"]
shape = SubResource( 6 )

[node name="StaticBody13" type="StaticBody" parent="."]
transform = Transform( 1, 0, 0, 0, 31.255, 0, 0, 0, 1, -2, 31, 16 )

[node name="MeshInstance" type="MeshInstance" parent="StaticBody13"]
mesh = SubResource( 4 )
material/0 = null

[node name="CollisionShape" type="CollisionShape" parent="StaticBody13"]
shape = SubResource( 6 )

[node name="StaticBody7" type="StaticBody" parent="."]
transform = Transform( 1, 0, 0, 0, 1, 0, 0, 0, 1, 0, 0.5, 36 )

[node name="MeshInstance" type="MeshInstance" parent="StaticBody7"]
mesh = SubResource( 4 )
material/0 = SubResource( 7 )

[node name="CollisionShape" type="CollisionShape" parent="StaticBody7"]
shape = SubResource( 6 )

[node name="StaticBody8" type="StaticBody" parent="."]
transform = Transform( 1, 0, 0, 0, 1, 0, 0, 0, 1, 0, 0, 35 )

[node name="MeshInstance" type="MeshInstance" parent="StaticBody8"]
mesh = SubResource( 4 )
material/0 = SubResource( 8 )

[node name="CollisionShape" type="CollisionShape" parent="StaticBody8"]
shape = SubResource( 6 )

[node name="StaticBody9" type="StaticBody" parent="."]
transform = Transform( 1, 0, 0, 0, 1, 0, 0, 0, 1, 0, -0.5, 34 )

[node name="MeshInstance" type="MeshInstance" parent="StaticBody9"]
mesh = SubResource( 4 )
material/0 = SubResource( 9 )

[node name="CollisionShape" type="CollisionShape" parent="StaticBody9"]
shape = SubResource( 6 )

[node name="StaticBody10" type="StaticBody" parent="."]
transform = Transform( 0.25, 0, 0, 0, 2, 0, 0, 0, 3, -1.25, 1, 35 )

[node name="MeshInstance" type="MeshInstance" parent="StaticBody10"]
mesh = SubResource( 4 )
material/0 = SubResource( 9 )

[node name="CollisionShape" type="CollisionShape" parent="StaticBody10"]
shape = SubResource( 6 )

[node name="StaticBody14" type="StaticBody" parent="."]
transform = Transform( 0.25, 0, 0, 0, 2, 0, 0, 0, 3, 1.25, 1, 35 )

[node name="MeshInstance" type="MeshInstance" parent="StaticBody14"]
mesh = SubResource( 4 )
material/0 = SubResource( 9 )

[node name="CollisionShape" type="CollisionShape" parent="StaticBody14"]
shape = SubResource( 6 )

[node name="StaticBody" type="StaticBody" parent="."]
transform = Transform( 50, 0, 0, 0, 0.1, 0, 0, 0, 50, 0, 0, 0 )

[node name="MeshInstance" type="MeshInstance" parent="StaticBody"]
mesh = SubResource( 10 )
material/0 = null

[node name="CollisionShape" type="CollisionShape" parent="StaticBody"]
shape = SubResource( 11 )

[node name="OmniLight" type="OmniLight" parent="."]
transform = Transform( 1, 0, 0, 0, 1, 0, 0, 0, 1, 0, 64, -64 )
light_energy = 0.32
shadow_enabled = true
shadow_bias = 1.77
omni_range = 4096.0

[node name="Camera" type="Camera" parent="."]
transform = Transform( 0.819152, 1.22063e-008, 0.573576, -0.196175, 0.939693, 0.280167, -0.538986, -0.34202, 0.769751, 23, 20, 44 )

[node name="Scene Root" parent="." instance=ExtResource( 2 )]
transform = Transform( 4, 0, 0, 0, 0.768993, 3.92538, 0, -3.92538, 0.768993, 9, -1.36057, -5 )

[node name="CSGBox" type="CSGBox" parent="."]
transform = Transform( 1, 0, 0, 0, 1, 0, 0, 0, 1, 32, 5, 0 )
use_collision = true
invert_faces = true
width = 10.0
height = 10.0
depth = 10.0
